@book{ericson2004real,
	title={Real-time collision detection},
	author={Ericson, Christer},
	year={2004},
	publisher={CRC Press}
}


@book{hull2011introduction,
	title={Introduction to dislocations},
	author={Hull, Derek and Bacon, David J},
	volume={37},
	year={2011},
	publisher={Elsevier}
}

@article{shi2015comparaison,
	title={Interaction of< 100> dislocation loops with dislocations studied by dislocation dynamics in $\alpha$-iron},
	author={Shi, XJ and Dupuy, L and Devincre, B and Terentyev, D and Vincent, L},
	journal={Journal of Nuclear Materials},
	volume={460},
	pages={37--43},
	year={2015},
	publisher={Elsevier}
}

@article{frankread1950,
	title = {Multiplication Processes for Slow Moving Dislocations},
	author = {Frank, F. C. and Read, W. T.},
	journal = {Phys. Rev.},
	volume = {79},
	issue = {4},
	pages = {722--723},
	numpages = {0},
	year = {1950},
	month = {Aug},
	publisher = {American Physical Society},
	doi = {10.1103/PhysRev.79.722},
	url = {https://link.aps.org/doi/10.1103/PhysRev.79.722}
}

@article{sills2016advanced,
	title={Advanced time integration algorithms for dislocation dynamics simulations of work hardening},
	author={Sills, Ryan B and Aghaei, Amin and Cai, Wei},
	journal={Modelling and Simulation in Materials Science and Engineering},
	volume={24},
	number={4},
	pages={045019},
	year={2016},
	publisher={IOP Publishing}
}

@article{collisionsurvey,
	author = {Lin, Ming and Gottschalk, Stefan},
	year = {1998},
	month = {06},
	pages = {},
	title = {Collision Detection Between Geometric Models: A Survey},
	volume = {8},
	booktitle = {IMA Conf. on Mathematics of Surfaces}
}

@article{cheng2005sort,
	title={Fast Sorting on a Distributed-Memory Architecture},
	author={Cheng, David R and Shah, Viral and Gilbert, John R and Edelman, Alan},
	year={2005}
}

@book{bulatov2006computer,
	title={Computer simulations of dislocations},
	author={Bulatov, Vasily and Cai, Wei},
	volume={3},
	year={2006},
	publisher={Oxford University Press on Demand}
}

@misc{bourkeshortest,
	title={The shortest line between two lines in 3D},
	author={Bourke, Paul},
	howpublished={http://paulbourke.net/geometry/pointlineplane},
	note = {Date d'acc√®s: 07/2017}
}


