@article{drouet2016comparaison-intro,
	title={A direct comparison between in-situ transmission electron microscopy observations and Dislocation Dynamics simulations of interaction between dislocation and irradiation induced loop in a zirconium alloy},
	author={Drouet, J and Dupuy, L and Onimus, F and Mompiou, F},
	journal={Scripta Materialia},
	volume={119},
	pages={71--75},
	year={2016},
	publisher={Elsevier}
}