%Dislocations

@book{callister2013fundamentals,
  title={Fundamentals of materials science and engineering},
  author={Callister, William D and Rethwisch, David G},
  volume={21},
  year={2013},
  publisher={Wiley New York}
}

@book{hull2011introduction,
  title={Introduction to dislocations},
  author={Hull, Derek and Bacon, David J},
  volume={37},
  year={2011},
  publisher={Elsevier}
}

@article{hirth1982theory,
  title={Theory of dislocations},
  author={Hirth, John P and Lothe, Jens},
  year={1982},
  publisher={John Wiley$\backslash$ \& Sons}
}

@article{bulatov2006nature,
	title={Dislocation multi-junctions and strain hardening},
	author={Bulatov, Vasily V and Hsiung, Luke L and Tang, Meijie and Arsenlis, Athanasios and Bartelt, Maria C and Cai, Wei and Florando, Jeff N and Hiratani, Masato and Rhee, Moon and Hommes, Gregg and others},
	journal={Nature},
	volume={440},
	number={7088},
	pages={1174--1178},
	year={2006},
	publisher={Nature Publishing Group}
}

@article{madec2002junctions,
	title={From dislocation junctions to forest hardening},
	author={Madec, R and Devincre, B and Kubin, LP},
	journal={Physical review letters},
	volume={89},
	number={25},
	pages={255508},
	year={2002},
	publisher={APS}
}

@article{devincre2006physical,
  title={Physical analyses of crystal plasticity by DD simulations},
  author={Devincre, Beno{\^\i}t and Kubin, Ladislas and Hoc, Thierry},
  journal={Scripta Materialia},
  volume={54},
  number={5},
  pages={741--746},
  year={2006},
  publisher={Elsevier}
}

@phdthesis{lebon2011zr,
	title={Etude exp{\'e}rimentale et simulation num{\'e}rique des m{\'e}canismes de plasticit{\'e} dans les alliages de zirconium},
	author={Lebon, Cyril},
	year={2011},
	school={Universit{\'e} de La Rochelle}
}


@phdthesis{nogaret2008,
  title={Approche multi{\'e}chelle des m{\'e}canismes de plasticit{\'e} dans les aciers aust{\'e}nitiques irradi{\'e}s},
  author={Nogaret, Thomas},
  year={2008},
  school={CEA Saclay, Direction des syst{\`e}mes d'information}
}

@article{singh1999irradiation,
	title={Effects of neutron irradiation on microstructure and mechanical properties of pure iron},
	author={Singh, BN and Horsewell, Andy and Toft, P},
	journal={Journal of nuclear materials},
	volume={271},
	pages={97--101},
	year={1999},
	publisher={Elsevier}
}

@phdthesis{shi2014these,
	title={Etude par simulations de dynamique des dislocations des effets d'irradiation sur la ferrite {\`a} haute temp{\'e}rature},
	author={Shi, Xiangjun},
	year={2014},
	school={Universit{\'e} Pierre et Marie Curie-Paris VI}
}


@article{shi2015comparaison,
	title={Interaction of< 100> dislocation loops with dislocations studied by dislocation dynamics in $\alpha$-iron},
	author={Shi, XJ and Dupuy, L and Devincre, B and Terentyev, D and Vincent, L},
	journal={Journal of Nuclear Materials},
	volume={460},
	pages={37--43},
	year={2015},
	publisher={Elsevier}
}

@article{terentyev2008simulation,
	title={Simulation of the interaction between an edge dislocation and a< 100> interstitial dislocation loop in $\alpha$-iron},
	author={Terentyev, Dmitry and Grammatikopoulos, P and Bacon, DJ and Osetsky, Yu N},
	journal={Acta Materialia},
	volume={56},
	number={18},
	pages={5034--5046},
	year={2008},
	publisher={Elsevier}
}

@article{drouet2016comparaison,
	title={A direct comparison between in-situ transmission electron microscopy observations and Dislocation Dynamics simulations of interaction between dislocation and irradiation induced loop in a zirconium alloy},
	author={Drouet, J and Dupuy, L and Onimus, F and Mompiou, F},
	journal={Scripta Materialia},
	volume={119},
	pages={71--75},
	year={2016},
	publisher={Elsevier}
}

@article{peachkoehler1950forces,
	title={The forces exerted on dislocations and the stress fields produced by them},
	author={Peach, M and Koehler, JS},
	journal={Physical Review},
	volume={80},
	number={3},
	pages={436},
	year={1950},
	publisher={APS}
}

@electronic{optidis,
	title = {OptiDis},
	url = {http://optidis.gforge.inria.fr/}
}

@electronic{amitex-fftp,
	title = {Amitex-FFTP},
	url = {http://www.maisondelasimulation.fr/projects/amitex/html/}
}

@article{ovitowassim,
	title={Automated identification and indexing of dislocations in crystal interfaces},
	author={Stukowski, Alexander and Bulatov, Vasily V and Arsenlis, Athanasios},
	journal={Modelling and Simulation in Materials Science and Engineering},
	volume={20},
	number={8},
	pages={085007},
	year={2012},
	publisher={IOP Publishing}
}

@inproceedings{kuktat1998three,
	title={Three-dimensional numerical simulation of interacting dislocations in a strained epitaxial surface layer},
	author={Kuktat, RV and Freundt, LB},
	booktitle={MRS Proceedings},
	volume={538},
	pages={99},
	year={1998},
	organization={Cambridge Univ Press}
}

@phdthesis{etcheverry2015simulation,
	title={Simulation de la dynamique des dislocations {\`a} tr{\`e}s grande {\'e}chelle},
	author={Etcheverry, Arnaud},
	year={2015},
	school={Universit{\'e} de Bordeaux}
}

@article{arsenlis2007enabling,
	title={Enabling strain hardening simulations with dislocation dynamics},
	author={Arsenlis, Athanasios and Cai, Wei and Tang, Meijie and Rhee, Moono and Oppelstrup, Tomas and Hommes, Gregg and Pierce, Tom G and Bulatov, Vasily V},
	journal={Modelling and Simulation in Materials Science and Engineering},
	volume={15},
	number={6},
	pages={553},
	year={2007},
	publisher={IOP Publishing}
}

@book{mura2013micromechanics,
	title={Micromechanics of defects in solids},
	author={Mura, Toshio},
	year={2013},
	publisher={Springer Science \& Business Media}
}

@book{bulatov2006computer,
	title={Computer simulations of dislocations},
	author={Bulatov, Vasily and Cai, Wei},
	volume={3},
	year={2006},
	publisher={Oxford University Press on Demand}
}

@article{sills2016advanced,
	title={Advanced time integration algorithms for dislocation dynamics simulations of work hardening},
	author={Sills, Ryan B and Aghaei, Amin and Cai, Wei},
	journal={Modelling and Simulation in Materials Science and Engineering},
	volume={24},
	number={4},
	pages={045019},
	year={2016},
	publisher={IOP Publishing}
}

@book{ericson2004real,
	title={Real-time collision detection},
	author={Ericson, Christer},
	year={2004},
	publisher={CRC Press}
}

@inproceedings{michael2002lists,
	title={High performance dynamic lock-free hash tables and list-based sets},
	author={Michael, Maged M},
	booktitle={Proceedings of the fourteenth annual ACM symposium on Parallel algorithms and architectures},
	pages={73--82},
	year={2002},
	organization={ACM}
}














